@book{reis2019a,
author = {Reis, Elizabeth and Andrade, Rosa and Calapez, Teresa and Melo, Paulo},
publisher = {Edições Sílabo},
title = {{Estatística Aplicada - Volume 2}},
year = {2019}
}

@book{reis2021,
author = {Reis, Elizabeth and Andrade, Rosa and Calapez, Teresa and Melo, Paulo},
publisher = {Edições Sílabo},
title = {{Exercícios de Estatística Aplicada - Volume 2}},
year = {2021}
}

